[1] Statista. App Stores. Number of Apps in Leading App Stores 2019|Statista. Available online: https://www.statista.com/statistics/276623/number-of-apps-available-in-leading-app-stores/ (accessed on 14 December 2019).

[2] Packard, H. Failing to Meet Mobile App User Expectations: A Mobile User Survey; Technical Report. 2015. Available online: https://techbeacon.com/sites/default/files/gated_asset/mobile-app-user-survey-failingmeet-user-expectations.pdf (accessed on 16 December 2019).

[3] Pavneet Singh Kochhar, Thung Ferdian, Nachiappan Nagappan, Thomas Zimmermann, and David Lo. 2015. Understanding the Test Automation Culture of App Developers. In IEEE 8th International Conference on Software Testing, Verification and Validation (ICST). IEEE, 1–10.

[4] L. V. Haoyin. 2017. Automatic android application GUI testing – A random walk approach. In International Conference on Wireless Communications, Signal Processing and Networking (WiSPNET). 72–76.

[5] Aravind Machiry, Rohan Tahiliani, and Mayur Naik. 2013. Dynodroid: An Input Generation System for Android Apps. In Proceedings of the 2013 9th Joint Meeting on Foundations of Software Engineering (ESEC/FSE 2013). ACM, New York, NY, USA, 224–234.

[6] Android Open Source Project. 2018. Android UI/Application Exerciser Monkey. https://developer.android.com/studio/test/monkey.html. Accessed: 2018-07-02

[7] Choudhary, S.R.; Gorla, A.; Orso, A. Automated test input generation for android: Are we there yet?(e). In Proceedings of the 30th IEEE/ACM International Conference on Automated Software Engineering (ASE), Lincoln, NE, USA, 9–13 November 2015; pp. 429–440

[8] Memon, A.; Soffa, M.L.; Pollack, M. Coverage criteria for GUI testing. ACM SIGSOFT Softw. Eng. Notes 2001, 26, 256–267.[CrossRef]

[9] DroidBot: A Lightweight UI-Guided Test Input Generator for Android

[10] A Deep Learning based Approach to Automated Android App Testing

[11] Yauhen Leanidavich Arnatovich and Lipo Wang. A systematic literature review of automated techniques for functional GUI testing of mobile applications. CoRR, abs/1812.11470, 2018.

[12]

[13]

[14]

[15]

[16]

[17]







Для DQN

[1*] DRIFT

Из DRIFT

[7] Volodymyr Mnih, Koray Kavukcuoglu, David Silver, Andrei A. Rusu, Joel Veness, Marc G.
Bellemare, Alex Graves, Martin Riedmiller, Andreas K. Fidjeland, Georg Ostrovski, Stig Pe-
tersen, Charles Beattie, Amir Sadik, Ioannis Antonoglou, Helen King, Dharshan Kumaran, Daan
Wierstra, Shane Legg, and Demis Hassabis. Human-level control through deep reinforcement
learning. Nature, 518(7540):529–533, February 2015.

[8] Yuxi Li. Deep reinforcement learning: An overview. arXiv preprint arXiv:1701.07274, 2017.